@article{lee2017location,
  title={Location-aware speakers for the virtual reality environments},
  author={Lee, Chang Ha},
  journal={IEEE Access},
  volume={5},
  pages={2636--2640},
  year={2017},
  publisher={IEEE}
}

@article{turchet2018internet,
  title={Internet of musical things: Vision and challenges},
  author={Turchet, Luca and Fischione, Carlo and Essl, Georg and Keller, Dami{\'a}n and Barthet, Mathieu},
  journal={IEEE Access},
  volume={6},
  pages={61994--62017},
  year={2018},
  publisher={IEEE}
}

@inproceedings{susal2016immersive,
  title={Immersive Audio for VR},
  author={Susal, Joel and Krauss, Kurt and Tsingos, Nicolas and Altman, Marcus},
  booktitle={Audio Engineering Society Conference: 2016 AES International Conference on Audio for Virtual and Augmented Reality},
  year={2016},
  organization={Audio Engineering Society}
}

@article{coleman2018audio,
  title={An audio-visual system for object-based audio: From recording to listening},
  author={Coleman, Philip and Franck, Andreas and Francombe, Jon and Liu, Qingju and de Campos, Teofilo and Hughes, Richard J and Menzies, Dylan and G{\'a}lvez, Marcos F Sim{\'o}n and Tang, Yan and Woodcock, James and others},
  journal={IEEE Transactions on Multimedia},
  volume={20},
  number={8},
  pages={1919--1931},
  year={2018},
  publisher={IEEE}
}