@inproceedings{engel2017neural,
  title={Neural audio synthesis of musical notes with wavenet autoencoders},
  author={Engel, Jesse and Resnick, Cinjon and Roberts, Adam and Dieleman, Sander and Norouzi, Mohammad and Eck, Douglas and Simonyan, Karen},
  booktitle={Proceedings of the 34th International Conference on Machine Learning-Volume 70},
  pages={1068--1077},
  year={2017},
  organization={JMLR. org}
}

@article{huang2019counterpoint,
  title={Counterpoint by convolution},
  author={Huang, Cheng-Zhi Anna and Cooijmans, Tim and Roberts, Adam and Courville, Aaron and Eck, Douglas},
  journal={arXiv preprint arXiv:1903.07227},
  year={2019}
}

@article{oord2016wavenet,
  title={Wavenet: A generative model for raw audio},
  author={Oord, Aaron van den and Dieleman, Sander and Zen, Heiga and Simonyan, Karen and Vinyals, Oriol and Graves, Alex and Kalchbrenner, Nal and Senior, Andrew and Kavukcuoglu, Koray},
  journal={arXiv preprint arXiv:1609.03499},
  year={2016}
}