@misc{moore1965cramming,
  title={Cramming more components onto integrated circuits},
  author={Moore, Gordon E and others},
  year={1965},
  publisher={McGraw-Hill New York, NY, USA:}
}

@article{lazzarini2013development,
  title={The development of computer music programming systems},
  author={Lazzarini, Victor},
  journal={Journal of New Music Research},
  volume={42},
  number={1},
  pages={97--110},
  year={2013},
  publisher={Taylor \& Francis}
}

@article{mathews1963digital,
  title={The digital computer as a musical instrument},
  author={Mathews, Max V},
  journal={Science},
  volume={142},
  number={3592},
  pages={553--557},
  year={1963},
  publisher={JSTOR}
}

@article{beauchamp1996introduction,
  title={Introduction to MUSIC 4C},
  author={Beauchamp, J},
  journal={School of Music, University of Illinois at Urbana-Champaign},
  year={1996}
}


@article{pope1993machine,
  title={Machine tongues XV: Three packages for software sound synthesis},
  author={Pope, Stephen Travis},
  journal={Computer Music Journal},
  volume={17},
  number={2},
  pages={23--54},
  year={1993},
  publisher={JSTOR}
}

@article{lefford1999interview,
  title={An Interview with Barry Vercoe},
  author={Lefford, Nyssim},
  journal={Computer Music Journal},
  volume={23},
  number={4},
  pages={9--17},
  year={1999},
  publisher={MIT Press}
}

@article{vercoe1981reference,
  title={Reference Manual for the MUSIC 11 Sound Synthesis Language},
  author={Vercoe, Barry},
  journal={Program documentation. Cambridge, Massachusetts: MIT Experimental Music Studio},
  year={1981}
}

@book{mathews1969technology,
  title={The technology of computer music},
  author={Mathews, Max V and Miller, Joan E and Moore, F Richard and Pierce, John R and Risset, Jean-Claude},
  volume={969},
  year={1969},
  publisher={MIT press Cambridge}
}

@inproceedings{vercoe1990real,
  title={Real-time CSound: Software Synthesis with Sensing and Control.},
  author={Vercoe, Barry and Ellis, Dan},
  booktitle={ICMC},
  volume={90},
  pages={209--211},
  year={1990}
}

@article{mccartney2002rethinking,
  title={Rethinking the computer music language: SuperCollider},
  author={McCartney, James},
  journal={Computer Music Journal},
  volume={26},
  number={4},
  pages={61--68},
  year={2002},
  publisher={MIT Press}
}