@misc{performance-rnn-2017,
    author = {Ian Simon and Sageev Oore},
    title = {
        Performance RNN: Generating Music with Expressive Timing and Dynamics
    },
    journal = {Magenta Blog},
    type = {Blog},
    year = {2017},
    howpublished = {\url{https://magenta.tensorflow.org/performance-rnn}}
}

@inproceedings{magentastudio,
title = {Magenta Studio: Augmenting Creativity with Deep Learning in Ableton Live},
author = {Adam Roberts and Claire Kayacik and Curtis Hawthorne and Douglas Eck and Jesse Engel and Monica Dinculescu and Signe NÃ¸rly},
booktitle = {Proceedings of the International Workshop on Musical Metacreation (MUME)}
}

@inproceedings{magentajs,
title = {Magenta.js: A JavaScript API for Augmenting Creativity with Deep Learning},
author = {Adam Roberts and Curtis Hawthorne and Ian Simon},
year = {2018},
booktitle = {Joint Workshop on Machine Learning for Music (ICML)}
}

@book{sutherland1994new,
  title={New perspectives in music},
  author={Sutherland, Roger},
  year={1994},
  publisher={Sun Tavern Fields}
}