@inproceedings{barrington2009smarter,
  title={Smarter than Genius? Human Evaluation of Music Recommender Systems.},
  author={Barrington, Luke and Oda, Reid and Lanckriet, Gert RG},
  booktitle={ISMIR},
  volume={9},
  pages={357--362},
  year={2009},
  organization={Citeseer}
}

@inproceedings{mcfee2010metric,
  title={Metric learning to rank},
  author={McFee, Brian and Lanckriet, Gert R},
  booktitle={Proceedings of the 27th International Conference on Machine Learning (ICML-10)},
  pages={775--782},
  year={2010}
}

@inproceedings{mcfee2010learning,
  title={Learning Similarity from Collaborative Filters.},
  author={McFee, Brian and Barrington, Luke and Lanckriet, Gert RG},
  booktitle={ISMIR},
  pages={345--350},
  year={2010}
}

@inproceedings{mcfee2011large,
  title={Large-scale music similarity search with spatial trees.},
  author={McFee, Brian and Lanckriet, Gert RG},
  booktitle={ISMIR},
  pages={55--60},
  year={2011}
}

@inproceedings{broder2003efficient,
  title={Efficient query evaluation using a two-level retrieval process},
  author={Broder, Andrei Z and Carmel, David and Herscovici, Michael and Soffer, Aya and Zien, Jason},
  booktitle={Proceedings of the twelfth international conference on Information and knowledge management},
  pages={426--434},
  year={2003},
  organization={ACM}
}